@article{agnese2020survey,
	title={A survey and taxonomy of adversarial neural networks for text-to-image synthesis},
	author={Agnese, Jorge and Herrera, Jonathan and Tao, Haicheng and Zhu, Xingquan},
	journal={Wiley Interdisciplinary Reviews: Data Mining and Knowledge Discovery},
	volume={10},
	number={4},
	pages={e1345},
	year={2020},
	publisher={Wiley Online Library}
}

@online{googleTrends,
	title={Google Trends},
	url = {https://www.google.com/trends},
	date = {2022-11-10}
}

@online{imageSimilarity,
	title={Image Similarity API},
	author={DeepAI},
	date={2022},
	url={https://deepai.org/machine-learning-model/image-similarity}
}
@online{whatIsTextToImageGen,
	title={How AI creates photorealistic images from text},
	author={Yonghui Wu},
	date={2023-06-22},
	url={https://blog.google/technology/research/how-ai-creates-photorealistic-images-from-text/}
}
@online{whyUseImageComp,
	title = {The Best AI Art Generators (Iâ€™ve Personally Tried Them All!)},
	author={Samantha Brandon},
	date = {2022-12-23},
	url = {https://samanthabrandon.com/best-ai-art-generators}
}
@online{stableDiff,
	title = {Stable Diffusion},
	date = {2022}
	url = {https://stablediffusionweb.com/}
}
@online{dallE,
	title = {Dall-E},
	date = {2022}
	url = {https://openai.com/dall-e-2/}
}
@online{midjourney,
	title = {Midjourney},
	date = {2022},
	url = {https://midjourney.com/home/?callbackUrl=%2Fapp%2F}
}
@online{dreamByWombo,
	title = {Dream by Wombo},
	date = {2021}
	url = {https://dream.ai/}
}